@misc{chollet2015keras,
  title={Keras},
  author={Chollet, Fran\c{c}ois and others},
  year={2015},
  publisher={GitHub},
  howpublished={\url{https://github.com/fchollet/keras}},
}
@book{nltk_book,
  author = {Steven Bird and Ewan Klein and Edward Loper},
  title = {{Natural Language Processing with Python}},
  publisher = {O'Reilly Media},
  year = 2009
}
@misc{gen_adv_example,
  author = {Rowel Atienza},
  title = {GAN by Example using Keras on Tensorflow Backend},
  publisher = {towardsdatascience.com},
  year = {2017},
  howpublished = {\url{https://towardsdatascience.com/gan-by-example-using-keras-on-tensorflow-backend-1a6d515a60d0}}
}
@article{gen_adv_model,
  author = {Ian J. Goodfellow, Jean Pouget-Abadie, Mehdi Mirza, Bing Xu, David Warde-Farley, Sherjil Ozair, Aaron Courville, Yoshua Bengio},
  title = {Generative Adversarial Networks},
  year = {2014},
  publisher = {arXiv},
  howpublished = {\url{https://arxiv.org/abs/1406.2661}}
}
@misc{tensorflow,
    title = { {TensorFlow}: Large-Scale Machine Learning on Heterogeneous Systems},
    url = {https://www.tensorflow.org/},
    note = {Software available from tensorflow.org},
    author = {
        Mart\'{\i}n~Abadi and
        Ashish~Agarwal and
        Paul~Barham and
        Eugene~Brevdo and
        Zhifeng~Chen and
        Craig~Citro and
        Greg~S.~Corrado and
        Andy~Davis and
        Jeffrey~Dean and
        Matthieu~Devin and
        Sanjay~Ghemawat and
        Ian~Goodfellow and
        Andrew~Harp and
        Geoffrey~Irving and
        Michael~Isard and
        Yangqing Jia and
        Rafal~Jozefowicz and
        Lukasz~Kaiser and
        Manjunath~Kudlur and
        Josh~Levenberg and
        Dan~Man\'{e} and
        Rajat~Monga and
        Sherry~Moore and
        Derek~Murray and
        Chris~Olah and
        Mike~Schuster and
        Jonathon~Shlens and
        Benoit~Steiner and
        Ilya~Sutskever and
        Kunal~Talwar and
        Paul~Tucker and
        Vincent~Vanhoucke and
        Vijay~Vasudevan and
        Fernanda~Vi\'{e}gas and
        Oriol~Vinyals and
        Pete~Warden and
        Martin~Wattenberg and
        Martin~Wicke and
        Yuan~Yu and
        Xiaoqiang~Zheng},
    year = {2015},
}
@article{gan,
    author = {Yizhe Zhang, Zhe Gan, Lawrence Carin},
    title = {Generating Text via Adversarial Training},
    institution = {Duke University},
    journal = {Workshop on Adversarial Training},
    year = {2016},
    organization = {NIPS}
}
